%YAML 1.1
%TAG !u! tag:unity3d.com,2011:
--- !u!114 &1180196199794422407
MonoBehaviour:
  m_ObjectHideFlags: 0
  m_CorrespondingSourceObject: {fileID: 0}
  m_PrefabInstance: {fileID: 0}
  m_PrefabAsset: {fileID: 0}
  m_GameObject: {fileID: 3108825377130020496}
  m_Enabled: 1
  m_EditorHideFlags: 0
  m_Script: {fileID: 11500000, guid: 090b11a0e71c4954ea78d2c2ce648681, type: 3}
  m_Name: 
  m_EditorClassIdentifier: 
  AnswerText: 
  AnswerEval: 0
--- !u!1 &3108825377259595154
GameObject:
  m_ObjectHideFlags: 0
  m_CorrespondingSourceObject: {fileID: 0}
  m_PrefabInstance: {fileID: 0}
  m_PrefabAsset: {fileID: 0}
  serializedVersion: 6
  m_Component:
  - component: {fileID: 3108825377259595155}
  - component: {fileID: 3108825377259595118}
  - component: {fileID: 3108825377259595153}
  - component: {fileID: 3108825377259595152}
  m_Layer: 5
  m_Name: Dialogue Tree
  m_TagString: Untagged
  m_Icon: {fileID: 0}
  m_NavMeshLayer: 0
  m_StaticEditorFlags: 0
  m_IsActive: 1
--- !u!224 &3108825377259595155
RectTransform:
  m_ObjectHideFlags: 0
  m_CorrespondingSourceObject: {fileID: 0}
  m_PrefabInstance: {fileID: 0}
  m_PrefabAsset: {fileID: 0}
  m_GameObject: {fileID: 3108825377259595154}
  m_LocalRotation: {x: 0, y: 0, z: 0, w: 1}
  m_LocalPosition: {x: 0, y: 0, z: 0}
  m_LocalScale: {x: 0, y: 0, z: 0}
  m_Children:
  - {fileID: 5659274080329794458}
  - {fileID: 3108825378171807784}
  m_Father: {fileID: 3108825378075163749}
  m_RootOrder: 0
  m_LocalEulerAnglesHint: {x: 0, y: 0, z: 0}
  m_AnchorMin: {x: 0, y: 0}
  m_AnchorMax: {x: 0, y: 0}
  m_AnchoredPosition: {x: 0, y: 0}
  m_SizeDelta: {x: 0, y: 0}
  m_Pivot: {x: 0, y: 0}
--- !u!223 &3108825377259595118
Canvas:
  m_ObjectHideFlags: 0
  m_CorrespondingSourceObject: {fileID: 0}
  m_PrefabInstance: {fileID: 0}
  m_PrefabAsset: {fileID: 0}
  m_GameObject: {fileID: 3108825377259595154}
  m_Enabled: 1
  serializedVersion: 3
  m_RenderMode: 0
  m_Camera: {fileID: 0}
  m_PlaneDistance: 100
  m_PixelPerfect: 0
  m_ReceivesEvents: 1
  m_OverrideSorting: 0
  m_OverridePixelPerfect: 0
  m_SortingBucketNormalizedSize: 0
  m_AdditionalShaderChannelsFlag: 0
  m_SortingLayerID: 0
  m_SortingOrder: 0
  m_TargetDisplay: 0
--- !u!114 &3108825377259595153
MonoBehaviour:
  m_ObjectHideFlags: 0
  m_CorrespondingSourceObject: {fileID: 0}
  m_PrefabInstance: {fileID: 0}
  m_PrefabAsset: {fileID: 0}
  m_GameObject: {fileID: 3108825377259595154}
  m_Enabled: 1
  m_EditorHideFlags: 0
  m_Script: {fileID: 11500000, guid: 0cd44c1031e13a943bb63640046fad76, type: 3}
  m_Name: 
  m_EditorClassIdentifier: 
  m_UiScaleMode: 1
  m_ReferencePixelsPerUnit: 100
  m_ScaleFactor: 1
  m_ReferenceResolution: {x: 1920, y: 1200}
  m_ScreenMatchMode: 1
  m_MatchWidthOrHeight: 0
  m_PhysicalUnit: 3
  m_FallbackScreenDPI: 96
  m_DefaultSpriteDPI: 96
  m_DynamicPixelsPerUnit: 1
--- !u!114 &3108825377259595152
MonoBehaviour:
  m_ObjectHideFlags: 0
  m_CorrespondingSourceObject: {fileID: 0}
  m_PrefabInstance: {fileID: 0}
  m_PrefabAsset: {fileID: 0}
  m_GameObject: {fileID: 3108825377259595154}
  m_Enabled: 1
  m_EditorHideFlags: 0
  m_Script: {fileID: 11500000, guid: dc42784cf147c0c48a680349fa168899, type: 3}
  m_Name: 
  m_EditorClassIdentifier: 
  m_IgnoreReversedGraphics: 1
  m_BlockingObjects: 0
  m_BlockingMask:
    serializedVersion: 2
    m_Bits: 4294967295
--- !u!114 &3090217471403765947
MonoBehaviour:
  m_ObjectHideFlags: 0
  m_CorrespondingSourceObject: {fileID: 0}
  m_PrefabInstance: {fileID: 0}
  m_PrefabAsset: {fileID: 0}
  m_GameObject: {fileID: 3108825377973426740}
  m_Enabled: 1
  m_EditorHideFlags: 0
  m_Script: {fileID: 11500000, guid: 090b11a0e71c4954ea78d2c2ce648681, type: 3}
  m_Name: 
  m_EditorClassIdentifier: 
  AnswerText: 
  AnswerEval: 2
--- !u!114 &6627221947780728984
MonoBehaviour:
  m_ObjectHideFlags: 0
  m_CorrespondingSourceObject: {fileID: 0}
  m_PrefabInstance: {fileID: 0}
  m_PrefabAsset: {fileID: 0}
  m_GameObject: {fileID: 3108825378051555455}
  m_Enabled: 1
  m_EditorHideFlags: 0
  m_Script: {fileID: 11500000, guid: 090b11a0e71c4954ea78d2c2ce648681, type: 3}
  m_Name: 
  m_EditorClassIdentifier: 
  AnswerText: 
  AnswerEval: 1
--- !u!1 &3108825378075163748
GameObject:
  m_ObjectHideFlags: 0
  m_CorrespondingSourceObject: {fileID: 0}
  m_PrefabInstance: {fileID: 0}
  m_PrefabAsset: {fileID: 0}
  serializedVersion: 6
  m_Component:
  - component: {fileID: 3108825378075163749}
  - component: {fileID: 7938475782405729253}
  m_Layer: 0
  m_Name: Dialogue
  m_TagString: Untagged
  m_Icon: {fileID: 0}
  m_NavMeshLayer: 0
  m_StaticEditorFlags: 0
  m_IsActive: 1
--- !u!4 &3108825378075163749
Transform:
  m_ObjectHideFlags: 0
  m_CorrespondingSourceObject: {fileID: 0}
  m_PrefabInstance: {fileID: 0}
  m_PrefabAsset: {fileID: 0}
  m_GameObject: {fileID: 3108825378075163748}
  m_LocalRotation: {x: 0, y: 0, z: 0, w: 1}
  m_LocalPosition: {x: 0, y: 0, z: 0}
  m_LocalScale: {x: 1, y: 1, z: 1}
  m_Children:
  - {fileID: 3108825377259595155}
  m_Father: {fileID: 0}
  m_RootOrder: 0
  m_LocalEulerAnglesHint: {x: 0, y: 0, z: 0}
--- !u!114 &7938475782405729253
MonoBehaviour:
  m_ObjectHideFlags: 0
  m_CorrespondingSourceObject: {fileID: 0}
  m_PrefabInstance: {fileID: 0}
  m_PrefabAsset: {fileID: 0}
  m_GameObject: {fileID: 3108825378075163748}
  m_Enabled: 1
  m_EditorHideFlags: 0
  m_Script: {fileID: 11500000, guid: d7636d9416b26b64faba7efe7d53ff7c, type: 3}
  m_Name: 
  m_EditorClassIdentifier: 
--- !u!1 &3108825378171807787
GameObject:
  m_ObjectHideFlags: 0
  m_CorrespondingSourceObject: {fileID: 0}
  m_PrefabInstance: {fileID: 0}
  m_PrefabAsset: {fileID: 0}
  serializedVersion: 6
  m_Component:
  - component: {fileID: 3108825378171807784}
  m_Layer: 5
  m_Name: Introduction
  m_TagString: Untagged
  m_Icon: {fileID: 0}
  m_NavMeshLayer: 0
  m_StaticEditorFlags: 0
  m_IsActive: 1
--- !u!224 &3108825378171807784
RectTransform:
  m_ObjectHideFlags: 0
  m_CorrespondingSourceObject: {fileID: 0}
  m_PrefabInstance: {fileID: 0}
  m_PrefabAsset: {fileID: 0}
  m_GameObject: {fileID: 3108825378171807787}
  m_LocalRotation: {x: 0, y: 0, z: 0, w: 1}
  m_LocalPosition: {x: 0, y: 0, z: 0}
  m_LocalScale: {x: 1, y: 1, z: 1}
  m_Children:
  - {fileID: 3108825378958111189}
  m_Father: {fileID: 3108825377259595155}
  m_RootOrder: 1
  m_LocalEulerAnglesHint: {x: 0, y: 0, z: 0}
  m_AnchorMin: {x: 0.5, y: 0.5}
  m_AnchorMax: {x: 0.5, y: 0.5}
  m_AnchoredPosition: {x: 0, y: 0}
  m_SizeDelta: {x: 100, y: 100}
  m_Pivot: {x: 0.5, y: 0.5}
--- !u!1 &7693289465067542870
GameObject:
  m_ObjectHideFlags: 0
  m_CorrespondingSourceObject: {fileID: 0}
  m_PrefabInstance: {fileID: 0}
  m_PrefabAsset: {fileID: 0}
  serializedVersion: 6
  m_Component:
  - component: {fileID: 5659274080329794458}
  - component: {fileID: 8564903150440566829}
  - component: {fileID: 6419172379985386799}
  m_Layer: 5
  m_Name: EventSystem
  m_TagString: Untagged
  m_Icon: {fileID: 0}
  m_NavMeshLayer: 0
  m_StaticEditorFlags: 0
  m_IsActive: 1
--- !u!4 &5659274080329794458
Transform:
  m_ObjectHideFlags: 0
  m_CorrespondingSourceObject: {fileID: 0}
  m_PrefabInstance: {fileID: 0}
  m_PrefabAsset: {fileID: 0}
  m_GameObject: {fileID: 7693289465067542870}
  m_LocalRotation: {x: 0, y: 0, z: 0, w: 1}
  m_LocalPosition: {x: 0, y: 0, z: 0}
  m_LocalScale: {x: 1, y: 1, z: 1}
  m_Children: []
  m_Father: {fileID: 3108825377259595155}
  m_RootOrder: 0
  m_LocalEulerAnglesHint: {x: 0, y: 0, z: 0}
--- !u!114 &8564903150440566829
MonoBehaviour:
  m_ObjectHideFlags: 0
  m_CorrespondingSourceObject: {fileID: 0}
  m_PrefabInstance: {fileID: 0}
  m_PrefabAsset: {fileID: 0}
  m_GameObject: {fileID: 7693289465067542870}
  m_Enabled: 1
  m_EditorHideFlags: 0
  m_Script: {fileID: 11500000, guid: 76c392e42b5098c458856cdf6ecaaaa1, type: 3}
  m_Name: 
  m_EditorClassIdentifier: 
  m_FirstSelected: {fileID: 0}
  m_sendNavigationEvents: 1
  m_DragThreshold: 10
--- !u!114 &6419172379985386799
MonoBehaviour:
  m_ObjectHideFlags: 0
  m_CorrespondingSourceObject: {fileID: 0}
  m_PrefabInstance: {fileID: 0}
  m_PrefabAsset: {fileID: 0}
  m_GameObject: {fileID: 7693289465067542870}
  m_Enabled: 1
  m_EditorHideFlags: 0
  m_Script: {fileID: 11500000, guid: 4f231c4fb786f3946a6b90b886c48677, type: 3}
  m_Name: 
  m_EditorClassIdentifier: 
  m_HorizontalAxis: Horizontal
  m_VerticalAxis: Vertical
  m_SubmitButton: Submit
  m_CancelButton: Cancel
  m_InputActionsPerSecond: 10
  m_RepeatDelay: 0.5
  m_ForceModuleActive: 0
--- !u!1001 &8599051619854403852
PrefabInstance:
  m_ObjectHideFlags: 0
  serializedVersion: 2
  m_Modification:
    m_TransformParent: {fileID: 3108825378171807784}
    m_Modifications:
    - target: {fileID: 6661162320408819928, guid: 0bc718f3d952e0c45969c0c0f30496ac,
        type: 3}
      propertyPath: m_Name
      value: Dialogue Box
      objectReference: {fileID: 0}
    - target: {fileID: 6661162320408819929, guid: 0bc718f3d952e0c45969c0c0f30496ac,
        type: 3}
      propertyPath: m_LocalPosition.x
      value: 0
      objectReference: {fileID: 0}
    - target: {fileID: 6661162320408819929, guid: 0bc718f3d952e0c45969c0c0f30496ac,
        type: 3}
      propertyPath: m_LocalPosition.y
      value: 0
      objectReference: {fileID: 0}
    - target: {fileID: 6661162320408819929, guid: 0bc718f3d952e0c45969c0c0f30496ac,
        type: 3}
      propertyPath: m_LocalPosition.z
      value: 0
      objectReference: {fileID: 0}
    - target: {fileID: 6661162320408819929, guid: 0bc718f3d952e0c45969c0c0f30496ac,
        type: 3}
      propertyPath: m_LocalRotation.x
      value: -0
      objectReference: {fileID: 0}
    - target: {fileID: 6661162320408819929, guid: 0bc718f3d952e0c45969c0c0f30496ac,
        type: 3}
      propertyPath: m_LocalRotation.y
      value: -0
      objectReference: {fileID: 0}
    - target: {fileID: 6661162320408819929, guid: 0bc718f3d952e0c45969c0c0f30496ac,
        type: 3}
      propertyPath: m_LocalRotation.z
      value: -0
      objectReference: {fileID: 0}
    - target: {fileID: 6661162320408819929, guid: 0bc718f3d952e0c45969c0c0f30496ac,
        type: 3}
      propertyPath: m_LocalRotation.w
      value: 1
      objectReference: {fileID: 0}
    - target: {fileID: 6661162320408819929, guid: 0bc718f3d952e0c45969c0c0f30496ac,
        type: 3}
      propertyPath: m_RootOrder
      value: 0
      objectReference: {fileID: 0}
    - target: {fileID: 6661162320408819929, guid: 0bc718f3d952e0c45969c0c0f30496ac,
        type: 3}
      propertyPath: m_LocalEulerAnglesHint.x
      value: 0
      objectReference: {fileID: 0}
    - target: {fileID: 6661162320408819929, guid: 0bc718f3d952e0c45969c0c0f30496ac,
        type: 3}
      propertyPath: m_LocalEulerAnglesHint.y
      value: 0
      objectReference: {fileID: 0}
    - target: {fileID: 6661162320408819929, guid: 0bc718f3d952e0c45969c0c0f30496ac,
        type: 3}
      propertyPath: m_LocalEulerAnglesHint.z
      value: 0
      objectReference: {fileID: 0}
    - target: {fileID: 6661162320408819929, guid: 0bc718f3d952e0c45969c0c0f30496ac,
        type: 3}
      propertyPath: m_AnchoredPosition.x
      value: 0
      objectReference: {fileID: 0}
    - target: {fileID: 6661162320408819929, guid: 0bc718f3d952e0c45969c0c0f30496ac,
        type: 3}
      propertyPath: m_AnchoredPosition.y
      value: -390
      objectReference: {fileID: 0}
    - target: {fileID: 6661162320408819929, guid: 0bc718f3d952e0c45969c0c0f30496ac,
        type: 3}
      propertyPath: m_SizeDelta.x
      value: 100
      objectReference: {fileID: 0}
    - target: {fileID: 6661162320408819929, guid: 0bc718f3d952e0c45969c0c0f30496ac,
        type: 3}
      propertyPath: m_SizeDelta.y
      value: 100
      objectReference: {fileID: 0}
    - target: {fileID: 6661162320408819929, guid: 0bc718f3d952e0c45969c0c0f30496ac,
        type: 3}
      propertyPath: m_AnchorMin.x
      value: 0.5
      objectReference: {fileID: 0}
    - target: {fileID: 6661162320408819929, guid: 0bc718f3d952e0c45969c0c0f30496ac,
        type: 3}
      propertyPath: m_AnchorMin.y
      value: 0.5
      objectReference: {fileID: 0}
    - target: {fileID: 6661162320408819929, guid: 0bc718f3d952e0c45969c0c0f30496ac,
        type: 3}
      propertyPath: m_AnchorMax.x
      value: 0.5
      objectReference: {fileID: 0}
    - target: {fileID: 6661162320408819929, guid: 0bc718f3d952e0c45969c0c0f30496ac,
        type: 3}
      propertyPath: m_AnchorMax.y
      value: 0.5
      objectReference: {fileID: 0}
    - target: {fileID: 6661162320408819929, guid: 0bc718f3d952e0c45969c0c0f30496ac,
        type: 3}
      propertyPath: m_Pivot.x
      value: 0.5
      objectReference: {fileID: 0}
    - target: {fileID: 6661162320408819929, guid: 0bc718f3d952e0c45969c0c0f30496ac,
        type: 3}
      propertyPath: m_Pivot.y
      value: 0.5
      objectReference: {fileID: 0}
    - target: {fileID: 6661162321934989212, guid: 0bc718f3d952e0c45969c0c0f30496ac,
        type: 3}
      propertyPath: m_TagString
      value: Button1
      objectReference: {fileID: 0}
    - target: {fileID: 6661162321101460280, guid: 0bc718f3d952e0c45969c0c0f30496ac,
        type: 3}
      propertyPath: m_TagString
      value: Button3
      objectReference: {fileID: 0}
    - target: {fileID: 6661162321056942451, guid: 0bc718f3d952e0c45969c0c0f30496ac,
        type: 3}
      propertyPath: m_TagString
      value: Button2
      objectReference: {fileID: 0}
    - target: {fileID: 6661162321934989154, guid: 0bc718f3d952e0c45969c0c0f30496ac,
        type: 3}
      propertyPath: m_OnClick.m_PersistentCalls.m_Calls.Array.size
      value: 1
      objectReference: {fileID: 0}
    - target: {fileID: 6661162321934989154, guid: 0bc718f3d952e0c45969c0c0f30496ac,
        type: 3}
      propertyPath: m_OnClick.m_PersistentCalls.m_Calls.Array.data[0].m_Target
      value: 
      objectReference: {fileID: 7938475782405729253}
    - target: {fileID: 6661162321934989154, guid: 0bc718f3d952e0c45969c0c0f30496ac,
        type: 3}
      propertyPath: m_OnClick.m_PersistentCalls.m_Calls.Array.data[0].m_MethodName
      value: ConfirmChoice
      objectReference: {fileID: 0}
    - target: {fileID: 6661162321934989154, guid: 0bc718f3d952e0c45969c0c0f30496ac,
        type: 3}
      propertyPath: m_OnClick.m_PersistentCalls.m_Calls.Array.data[0].m_Mode
      value: 2
      objectReference: {fileID: 0}
    - target: {fileID: 6661162321934989154, guid: 0bc718f3d952e0c45969c0c0f30496ac,
        type: 3}
      propertyPath: m_OnClick.m_PersistentCalls.m_Calls.Array.data[0].m_Arguments.m_ObjectArgumentAssemblyTypeName
      value: OptionSpecifications, Assembly-CSharp
      objectReference: {fileID: 0}
    - target: {fileID: 6661162321934989154, guid: 0bc718f3d952e0c45969c0c0f30496ac,
        type: 3}
      propertyPath: m_OnClick.m_PersistentCalls.m_Calls.Array.data[0].m_Arguments.m_BoolArgument
      value: 0
      objectReference: {fileID: 0}
    - target: {fileID: 6661162321934989154, guid: 0bc718f3d952e0c45969c0c0f30496ac,
        type: 3}
      propertyPath: m_OnClick.m_PersistentCalls.m_Calls.Array.data[1].m_Target
      value: 
      objectReference: {fileID: 3108825378958111188}
    - target: {fileID: 6661162321934989154, guid: 0bc718f3d952e0c45969c0c0f30496ac,
        type: 3}
      propertyPath: m_OnClick.m_PersistentCalls.m_Calls.Array.data[1].m_MethodName
      value: SetActive
      objectReference: {fileID: 0}
    - target: {fileID: 6661162321934989154, guid: 0bc718f3d952e0c45969c0c0f30496ac,
        type: 3}
      propertyPath: m_OnClick.m_PersistentCalls.m_Calls.Array.data[1].m_Arguments.m_ObjectArgumentAssemblyTypeName
      value: UnityEngine.Object, UnityEngine
      objectReference: {fileID: 0}
    - target: {fileID: 6661162321934989154, guid: 0bc718f3d952e0c45969c0c0f30496ac,
        type: 3}
      propertyPath: m_OnClick.m_PersistentCalls.m_Calls.Array.data[2].m_Target
      value: 
      objectReference: {fileID: 3108825378958111188}
    - target: {fileID: 6661162321934989154, guid: 0bc718f3d952e0c45969c0c0f30496ac,
        type: 3}
      propertyPath: m_OnClick.m_PersistentCalls.m_Calls.Array.data[2].m_MethodName
      value: SetActive
      objectReference: {fileID: 0}
    - target: {fileID: 6661162321934989154, guid: 0bc718f3d952e0c45969c0c0f30496ac,
        type: 3}
      propertyPath: m_OnClick.m_PersistentCalls.m_Calls.Array.data[2].m_Arguments.m_ObjectArgumentAssemblyTypeName
      value: UnityEngine.Object, UnityEngine
      objectReference: {fileID: 0}
    - target: {fileID: 6661162321934989154, guid: 0bc718f3d952e0c45969c0c0f30496ac,
        type: 3}
      propertyPath: m_OnClick.m_PersistentCalls.m_Calls.Array.data[4].m_Target
      value: 
      objectReference: {fileID: 3108825378958111188}
    - target: {fileID: 6661162321934989154, guid: 0bc718f3d952e0c45969c0c0f30496ac,
        type: 3}
      propertyPath: m_OnClick.m_PersistentCalls.m_Calls.Array.data[4].m_MethodName
      value: SetActive
      objectReference: {fileID: 0}
    - target: {fileID: 6661162321934989154, guid: 0bc718f3d952e0c45969c0c0f30496ac,
        type: 3}
      propertyPath: m_OnClick.m_PersistentCalls.m_Calls.Array.data[4].m_Mode
      value: 6
      objectReference: {fileID: 0}
    - target: {fileID: 6661162321934989154, guid: 0bc718f3d952e0c45969c0c0f30496ac,
        type: 3}
      propertyPath: m_OnClick.m_PersistentCalls.m_Calls.Array.data[4].m_Arguments.m_ObjectArgumentAssemblyTypeName
      value: UnityEngine.Object, UnityEngine
      objectReference: {fileID: 0}
    - target: {fileID: 6661162321934989154, guid: 0bc718f3d952e0c45969c0c0f30496ac,
        type: 3}
      propertyPath: m_OnClick.m_PersistentCalls.m_Calls.Array.data[3].m_Target
      value: 
      objectReference: {fileID: 3108825378958111188}
    - target: {fileID: 6661162321934989154, guid: 0bc718f3d952e0c45969c0c0f30496ac,
        type: 3}
      propertyPath: m_OnClick.m_PersistentCalls.m_Calls.Array.data[3].m_MethodName
      value: SetActive
      objectReference: {fileID: 0}
    - target: {fileID: 6661162321934989154, guid: 0bc718f3d952e0c45969c0c0f30496ac,
        type: 3}
      propertyPath: m_OnClick.m_PersistentCalls.m_Calls.Array.data[3].m_Mode
      value: 6
      objectReference: {fileID: 0}
    - target: {fileID: 6661162321934989154, guid: 0bc718f3d952e0c45969c0c0f30496ac,
        type: 3}
      propertyPath: m_OnClick.m_PersistentCalls.m_Calls.Array.data[3].m_Arguments.m_ObjectArgumentAssemblyTypeName
      value: UnityEngine.Object, UnityEngine
      objectReference: {fileID: 0}
    - target: {fileID: 6661162321934989154, guid: 0bc718f3d952e0c45969c0c0f30496ac,
        type: 3}
      propertyPath: m_OnClick.m_PersistentCalls.m_Calls.Array.data[2].m_Mode
      value: 6
      objectReference: {fileID: 0}
    - target: {fileID: 6661162321934989154, guid: 0bc718f3d952e0c45969c0c0f30496ac,
        type: 3}
      propertyPath: m_OnClick.m_PersistentCalls.m_Calls.Array.data[1].m_Mode
      value: 6
      objectReference: {fileID: 0}
    - target: {fileID: 6661162321934989154, guid: 0bc718f3d952e0c45969c0c0f30496ac,
        type: 3}
      propertyPath: m_OnClick.m_PersistentCalls.m_Calls.Array.data[0].m_Arguments.m_ObjectArgument
      value: 
      objectReference: {fileID: 1180196199794422407}
    - target: {fileID: 6661162321101460286, guid: 0bc718f3d952e0c45969c0c0f30496ac,
        type: 3}
      propertyPath: m_OnClick.m_PersistentCalls.m_Calls.Array.size
      value: 1
      objectReference: {fileID: 0}
    - target: {fileID: 6661162321101460286, guid: 0bc718f3d952e0c45969c0c0f30496ac,
        type: 3}
      propertyPath: m_OnClick.m_PersistentCalls.m_Calls.Array.data[0].m_Target
      value: 
      objectReference: {fileID: 7938475782405729253}
    - target: {fileID: 6661162321101460286, guid: 0bc718f3d952e0c45969c0c0f30496ac,
        type: 3}
      propertyPath: m_OnClick.m_PersistentCalls.m_Calls.Array.data[0].m_MethodName
      value: ConfirmChoice
      objectReference: {fileID: 0}
    - target: {fileID: 6661162321101460286, guid: 0bc718f3d952e0c45969c0c0f30496ac,
        type: 3}
      propertyPath: m_OnClick.m_PersistentCalls.m_Calls.Array.data[0].m_Mode
      value: 2
      objectReference: {fileID: 0}
    - target: {fileID: 6661162321101460286, guid: 0bc718f3d952e0c45969c0c0f30496ac,
        type: 3}
      propertyPath: m_OnClick.m_PersistentCalls.m_Calls.Array.data[0].m_Arguments.m_ObjectArgumentAssemblyTypeName
      value: OptionSpecifications, Assembly-CSharp
      objectReference: {fileID: 0}
    - target: {fileID: 6661162321101460286, guid: 0bc718f3d952e0c45969c0c0f30496ac,
        type: 3}
      propertyPath: m_OnClick.m_PersistentCalls.m_Calls.Array.data[0].m_Arguments.m_BoolArgument
      value: 0
      objectReference: {fileID: 0}
    - target: {fileID: 6661162321101460286, guid: 0bc718f3d952e0c45969c0c0f30496ac,
        type: 3}
      propertyPath: m_OnClick.m_PersistentCalls.m_Calls.Array.data[1].m_Target
      value: 
      objectReference: {fileID: 3108825378958111188}
    - target: {fileID: 6661162321101460286, guid: 0bc718f3d952e0c45969c0c0f30496ac,
        type: 3}
      propertyPath: m_OnClick.m_PersistentCalls.m_Calls.Array.data[1].m_MethodName
      value: SetActive
      objectReference: {fileID: 0}
    - target: {fileID: 6661162321101460286, guid: 0bc718f3d952e0c45969c0c0f30496ac,
        type: 3}
      propertyPath: m_OnClick.m_PersistentCalls.m_Calls.Array.data[1].m_Arguments.m_ObjectArgumentAssemblyTypeName
      value: UnityEngine.Object, UnityEngine
      objectReference: {fileID: 0}
    - target: {fileID: 6661162321101460286, guid: 0bc718f3d952e0c45969c0c0f30496ac,
        type: 3}
      propertyPath: m_OnClick.m_PersistentCalls.m_Calls.Array.data[2].m_Target
      value: 
      objectReference: {fileID: 3108825378958111188}
    - target: {fileID: 6661162321101460286, guid: 0bc718f3d952e0c45969c0c0f30496ac,
        type: 3}
      propertyPath: m_OnClick.m_PersistentCalls.m_Calls.Array.data[2].m_MethodName
      value: SetActive
      objectReference: {fileID: 0}
    - target: {fileID: 6661162321101460286, guid: 0bc718f3d952e0c45969c0c0f30496ac,
        type: 3}
      propertyPath: m_OnClick.m_PersistentCalls.m_Calls.Array.data[2].m_Arguments.m_ObjectArgumentAssemblyTypeName
      value: UnityEngine.Object, UnityEngine
      objectReference: {fileID: 0}
    - target: {fileID: 6661162321101460286, guid: 0bc718f3d952e0c45969c0c0f30496ac,
        type: 3}
      propertyPath: m_OnClick.m_PersistentCalls.m_Calls.Array.data[4].m_Target
      value: 
      objectReference: {fileID: 3108825378958111188}
    - target: {fileID: 6661162321101460286, guid: 0bc718f3d952e0c45969c0c0f30496ac,
        type: 3}
      propertyPath: m_OnClick.m_PersistentCalls.m_Calls.Array.data[4].m_MethodName
      value: SetActive
      objectReference: {fileID: 0}
    - target: {fileID: 6661162321101460286, guid: 0bc718f3d952e0c45969c0c0f30496ac,
        type: 3}
      propertyPath: m_OnClick.m_PersistentCalls.m_Calls.Array.data[4].m_Mode
      value: 6
      objectReference: {fileID: 0}
    - target: {fileID: 6661162321101460286, guid: 0bc718f3d952e0c45969c0c0f30496ac,
        type: 3}
      propertyPath: m_OnClick.m_PersistentCalls.m_Calls.Array.data[4].m_Arguments.m_ObjectArgumentAssemblyTypeName
      value: UnityEngine.Object, UnityEngine
      objectReference: {fileID: 0}
    - target: {fileID: 6661162321101460286, guid: 0bc718f3d952e0c45969c0c0f30496ac,
        type: 3}
      propertyPath: m_OnClick.m_PersistentCalls.m_Calls.Array.data[3].m_Target
      value: 
      objectReference: {fileID: 3108825378958111188}
    - target: {fileID: 6661162321101460286, guid: 0bc718f3d952e0c45969c0c0f30496ac,
        type: 3}
      propertyPath: m_OnClick.m_PersistentCalls.m_Calls.Array.data[3].m_MethodName
      value: SetActive
      objectReference: {fileID: 0}
    - target: {fileID: 6661162321101460286, guid: 0bc718f3d952e0c45969c0c0f30496ac,
        type: 3}
      propertyPath: m_OnClick.m_PersistentCalls.m_Calls.Array.data[3].m_Mode
      value: 6
      objectReference: {fileID: 0}
    - target: {fileID: 6661162321101460286, guid: 0bc718f3d952e0c45969c0c0f30496ac,
        type: 3}
      propertyPath: m_OnClick.m_PersistentCalls.m_Calls.Array.data[3].m_Arguments.m_ObjectArgumentAssemblyTypeName
      value: UnityEngine.Object, UnityEngine
      objectReference: {fileID: 0}
    - target: {fileID: 6661162321101460286, guid: 0bc718f3d952e0c45969c0c0f30496ac,
        type: 3}
      propertyPath: m_OnClick.m_PersistentCalls.m_Calls.Array.data[2].m_Mode
      value: 6
      objectReference: {fileID: 0}
    - target: {fileID: 6661162321101460286, guid: 0bc718f3d952e0c45969c0c0f30496ac,
        type: 3}
      propertyPath: m_OnClick.m_PersistentCalls.m_Calls.Array.data[1].m_Mode
      value: 6
      objectReference: {fileID: 0}
    - target: {fileID: 6661162321101460286, guid: 0bc718f3d952e0c45969c0c0f30496ac,
        type: 3}
      propertyPath: m_OnClick.m_PersistentCalls.m_Calls.Array.data[0].m_Arguments.m_ObjectArgument
      value: 
      objectReference: {fileID: 3090217471403765947}
    - target: {fileID: 6661162321056942449, guid: 0bc718f3d952e0c45969c0c0f30496ac,
        type: 3}
      propertyPath: m_OnClick.m_PersistentCalls.m_Calls.Array.size
      value: 1
      objectReference: {fileID: 0}
    - target: {fileID: 6661162321056942449, guid: 0bc718f3d952e0c45969c0c0f30496ac,
        type: 3}
      propertyPath: m_OnClick.m_PersistentCalls.m_Calls.Array.data[0].m_Target
      value: 
      objectReference: {fileID: 7938475782405729253}
    - target: {fileID: 6661162321056942449, guid: 0bc718f3d952e0c45969c0c0f30496ac,
        type: 3}
      propertyPath: m_OnClick.m_PersistentCalls.m_Calls.Array.data[0].m_MethodName
      value: ConfirmChoice
      objectReference: {fileID: 0}
    - target: {fileID: 6661162321056942449, guid: 0bc718f3d952e0c45969c0c0f30496ac,
        type: 3}
      propertyPath: m_OnClick.m_PersistentCalls.m_Calls.Array.data[0].m_Mode
      value: 2
      objectReference: {fileID: 0}
    - target: {fileID: 6661162321056942449, guid: 0bc718f3d952e0c45969c0c0f30496ac,
        type: 3}
      propertyPath: m_OnClick.m_PersistentCalls.m_Calls.Array.data[0].m_Arguments.m_ObjectArgumentAssemblyTypeName
      value: OptionSpecifications, Assembly-CSharp
      objectReference: {fileID: 0}
    - target: {fileID: 6661162321056942449, guid: 0bc718f3d952e0c45969c0c0f30496ac,
        type: 3}
      propertyPath: m_OnClick.m_PersistentCalls.m_Calls.Array.data[0].m_Arguments.m_BoolArgument
      value: 0
      objectReference: {fileID: 0}
    - target: {fileID: 6661162321056942449, guid: 0bc718f3d952e0c45969c0c0f30496ac,
        type: 3}
      propertyPath: m_OnClick.m_PersistentCalls.m_Calls.Array.data[1].m_Target
      value: 
      objectReference: {fileID: 3108825378958111188}
    - target: {fileID: 6661162321056942449, guid: 0bc718f3d952e0c45969c0c0f30496ac,
        type: 3}
      propertyPath: m_OnClick.m_PersistentCalls.m_Calls.Array.data[1].m_MethodName
      value: SetActive
      objectReference: {fileID: 0}
    - target: {fileID: 6661162321056942449, guid: 0bc718f3d952e0c45969c0c0f30496ac,
        type: 3}
      propertyPath: m_OnClick.m_PersistentCalls.m_Calls.Array.data[1].m_Arguments.m_ObjectArgumentAssemblyTypeName
      value: UnityEngine.Object, UnityEngine
      objectReference: {fileID: 0}
    - target: {fileID: 6661162321056942449, guid: 0bc718f3d952e0c45969c0c0f30496ac,
        type: 3}
      propertyPath: m_OnClick.m_PersistentCalls.m_Calls.Array.data[4].m_Target
      value: 
      objectReference: {fileID: 3108825378958111188}
    - target: {fileID: 6661162321056942449, guid: 0bc718f3d952e0c45969c0c0f30496ac,
        type: 3}
      propertyPath: m_OnClick.m_PersistentCalls.m_Calls.Array.data[4].m_MethodName
      value: SetActive
      objectReference: {fileID: 0}
    - target: {fileID: 6661162321056942449, guid: 0bc718f3d952e0c45969c0c0f30496ac,
        type: 3}
      propertyPath: m_OnClick.m_PersistentCalls.m_Calls.Array.data[4].m_Mode
      value: 6
      objectReference: {fileID: 0}
    - target: {fileID: 6661162321056942449, guid: 0bc718f3d952e0c45969c0c0f30496ac,
        type: 3}
      propertyPath: m_OnClick.m_PersistentCalls.m_Calls.Array.data[4].m_Arguments.m_ObjectArgumentAssemblyTypeName
      value: UnityEngine.Object, UnityEngine
      objectReference: {fileID: 0}
    - target: {fileID: 6661162321056942449, guid: 0bc718f3d952e0c45969c0c0f30496ac,
        type: 3}
      propertyPath: m_OnClick.m_PersistentCalls.m_Calls.Array.data[3].m_Target
      value: 
      objectReference: {fileID: 3108825378958111188}
    - target: {fileID: 6661162321056942449, guid: 0bc718f3d952e0c45969c0c0f30496ac,
        type: 3}
      propertyPath: m_OnClick.m_PersistentCalls.m_Calls.Array.data[3].m_MethodName
      value: SetActive
      objectReference: {fileID: 0}
    - target: {fileID: 6661162321056942449, guid: 0bc718f3d952e0c45969c0c0f30496ac,
        type: 3}
      propertyPath: m_OnClick.m_PersistentCalls.m_Calls.Array.data[3].m_Mode
      value: 6
      objectReference: {fileID: 0}
    - target: {fileID: 6661162321056942449, guid: 0bc718f3d952e0c45969c0c0f30496ac,
        type: 3}
      propertyPath: m_OnClick.m_PersistentCalls.m_Calls.Array.data[3].m_Arguments.m_ObjectArgumentAssemblyTypeName
      value: UnityEngine.Object, UnityEngine
      objectReference: {fileID: 0}
    - target: {fileID: 6661162321056942449, guid: 0bc718f3d952e0c45969c0c0f30496ac,
        type: 3}
      propertyPath: m_OnClick.m_PersistentCalls.m_Calls.Array.data[2].m_Target
      value: 
      objectReference: {fileID: 3108825378958111188}
    - target: {fileID: 6661162321056942449, guid: 0bc718f3d952e0c45969c0c0f30496ac,
        type: 3}
      propertyPath: m_OnClick.m_PersistentCalls.m_Calls.Array.data[2].m_MethodName
      value: SetActive
      objectReference: {fileID: 0}
    - target: {fileID: 6661162321056942449, guid: 0bc718f3d952e0c45969c0c0f30496ac,
        type: 3}
      propertyPath: m_OnClick.m_PersistentCalls.m_Calls.Array.data[2].m_Mode
      value: 6
      objectReference: {fileID: 0}
    - target: {fileID: 6661162321056942449, guid: 0bc718f3d952e0c45969c0c0f30496ac,
        type: 3}
      propertyPath: m_OnClick.m_PersistentCalls.m_Calls.Array.data[2].m_Arguments.m_ObjectArgumentAssemblyTypeName
      value: UnityEngine.Object, UnityEngine
      objectReference: {fileID: 0}
    - target: {fileID: 6661162321056942449, guid: 0bc718f3d952e0c45969c0c0f30496ac,
        type: 3}
      propertyPath: m_OnClick.m_PersistentCalls.m_Calls.Array.data[1].m_Mode
      value: 6
      objectReference: {fileID: 0}
    - target: {fileID: 6661162321056942449, guid: 0bc718f3d952e0c45969c0c0f30496ac,
        type: 3}
      propertyPath: m_OnClick.m_PersistentCalls.m_Calls.Array.data[0].m_Arguments.m_ObjectArgument
      value: 
      objectReference: {fileID: 6627221947780728984}
    m_RemovedComponents: []
  m_SourcePrefab: {fileID: 100100000, guid: 0bc718f3d952e0c45969c0c0f30496ac, type: 3}
--- !u!1 &3108825378958111188 stripped
GameObject:
  m_CorrespondingSourceObject: {fileID: 6661162320408819928, guid: 0bc718f3d952e0c45969c0c0f30496ac,
    type: 3}
  m_PrefabInstance: {fileID: 8599051619854403852}
  m_PrefabAsset: {fileID: 0}
--- !u!224 &3108825378958111189 stripped
RectTransform:
  m_CorrespondingSourceObject: {fileID: 6661162320408819929, guid: 0bc718f3d952e0c45969c0c0f30496ac,
    type: 3}
  m_PrefabInstance: {fileID: 8599051619854403852}
  m_PrefabAsset: {fileID: 0}
--- !u!1 &3108825377130020496 stripped
GameObject:
  m_CorrespondingSourceObject: {fileID: 6661162321934989212, guid: 0bc718f3d952e0c45969c0c0f30496ac,
    type: 3}
  m_PrefabInstance: {fileID: 8599051619854403852}
  m_PrefabAsset: {fileID: 0}
--- !u!1 &3108825378051555455 stripped
GameObject:
  m_CorrespondingSourceObject: {fileID: 6661162321056942451, guid: 0bc718f3d952e0c45969c0c0f30496ac,
    type: 3}
  m_PrefabInstance: {fileID: 8599051619854403852}
  m_PrefabAsset: {fileID: 0}
--- !u!1 &3108825377973426740 stripped
GameObject:
  m_CorrespondingSourceObject: {fileID: 6661162321101460280, guid: 0bc718f3d952e0c45969c0c0f30496ac,
    type: 3}
  m_PrefabInstance: {fileID: 8599051619854403852}
  m_PrefabAsset: {fileID: 0}
